@book{adams1995hitchhiker,
  title={The Hitchhiker's Guide to the Galaxy},
  author={Adams, D.},
  isbn={9781417642595},
  url={http://books.google.com/books?id=W-xMPgAACAAJ},
  year={1995},
  publisher={San Val}
}
@misc{StateofTheDApps,
	Date-Modified = {2020-02-22 23:00:04 +0800},
	Howpublished = {\url{https://www.stateofthedapps.com/dapps/}},
	Title = {State of the DApps},
	Year = {2021}
}

@misc{Dicether,
    Author = {Dicether},
	Howpublished = {\url{https://dicether.github.io/paper/paper.pdf}},
	Title = {Dicether: A Secure Dice Game},
	Year = {2018}
}

@manual{DAO_attacks,
	Author = {Siegel, David},
	Title = {Understanding the DAO Attack},
	Url = {https://www.coindesk.com/understanding-dao-hack-journalists},
	Year = {2016},
	Bdsk-Url-1 = {https://www.coindesk.com/understanding-dao-hack-journalists}
}

@manual{Parity_locks,
	Author = {Ryan Browne},
	Title = {Accidental Bug May Have Frozen \$280 Million Worth of Digital Coin Ether in a Cryptocurrency Wallet},
	Url = {https://www.cnbc.com/2017/11/08/accidental-bug-may-have-frozen-280-worth-of-ether-on-parity-wallet.html},
	Year = {2017},
	Bdsk-Url-1 = {https://www.cnbc.com/2017/11/08/accidental-bug-may-have-frozen-280-worth-of-ether-on-parity-wallet.html}
}
@article{atzei2016survey,
	Author = {Atzei, Nicola and Bartoletti, Massimo and Cimoli, Tiziana},
	Journal = {IACR Cryptology ePrint Archive},
	Pages = {1007},
	Title = {A \MakeUppercase survey of \MakeUppercase attacks on Ethereum \MakeUppercase smart \MakeUppercase contracts.},
	Volume = {2016},
	Year = {2016}
}
@inproceedings{luu2016making,
	Author = {Luu, Loi and Chu, Duc-Hiep and Olickel, Hrishi and Saxena, Prateek and Hobor, Aquinas},
	Booktitle = {Proceedings of the 2016 ACM SIGSAC \MakeUppercase conference on \MakeUppercase computer and \MakeUppercase communications \MakeUppercase security},
	Organization = {ACM},
	Pages = {254--269},
	Title = {Making \MakeUppercase smart \MakeUppercase contracts \MakeUppercase smarter},
	Year = {2016}
}

@inproceedings{jiang2018contractfuzzer,
	Author = {Jiang, Bo and Liu, Ye and Chan, WK},
	Booktitle = {Proceedings of the 33rd ACM/IEEE International Conference on Automated Software Engineering},
	Organization = {ACM},
	Pages = {259--269},
	Title = {ContractFuzzer: Fuzzing \MakeUppercase smart \MakeUppercase contracts for \MakeUppercase vulnerability \MakeUppercase detection},
	Year = {2018}}
	
@inproceedings{tsankov2018securify,
	Author = {Tsankov, Petar and Dan, Andrei and Drachsler-Cohen, Dana and Gervais, Arthur and Buenzli, Florian and Vechev, Martin},
	Booktitle = {Proceedings of the 2018 ACM SIGSAC Conference on Computer and Communications Security},
	Organization = {ACM},
	Pages = {67--82},
	Title = {Securify: Practical \MakeUppercase security \MakeUppercase analysis of \MakeUppercase smart \MakeUppercase contracts},
	Year = {2018}}

@inproceedings{Liu2020MAM,
  author = {Liu, Ye and Li, Yi and Lin, Shang-Wei and Yan, Qiang},
  booktitle = {Proceedings of the 28th ACM Joint European Software Engineering Conference and Symposium on the Foundations of Software Engineering (FSE)},
  month = nov,
  title = {{ModCon}: A Model-Based Testing Platform for Smart Contracts},
  year = {2020}
}

@incollection{Mavridou2018,
	Author = {Mavridou, Anastasia and Laszka, Aron},
	Doi = {10.1007/978-3-319-89722-6_11},
	Pages = {270--277},
	Title = {{Tool Demonstration: FSolidM for Designing Secure Ethereum Smart Contracts}},
	Url = {http://link.springer.com/10.1007/978-3-319-89722-6{\_}11},
	Year = {2018},
	Bdsk-Url-1 = {http://link.springer.com/10.1007/978-3-319-89722-6%7B%5C_%7D11},
	Bdsk-Url-2 = {https://doi.org/10.1007/978-3-319-89722-6_11}
}

@inproceedings{wang2019formal,
  title={Formal Verification of Workflow Policies for Smart Contracts in Azure Blockchain},
  author={Wang, Yuepeng and Lahiri, Shuvendu K and Chen, Shuo and Pan, Rong and Dillig, Isil and Born, Cody and Naseer, Immad and Ferles, Kostas},
  booktitle={Working Conference on Verified Software: Theories, Tools, and Experiments},
  pages={87--106},
  year={2019},
  organization={Springer}
}

@article{rodler2018sereum,
  title={Sereum: Protecting existing smart contracts against re-entrancy attacks},
  author={Rodler, Michael and Li, Wenting and Karame, Ghassan O and Davi, Lucas},
  journal={arXiv preprint arXiv:1812.05934},
  year={2018}
}